
@Unpublished{Gaudecker2023,
  author = {Hans-Martin von Gaudecker},
  date   = {2023},
  title  = {Templates for Reproducible Research Projects in Economics},
  url    = {https://doi.org/10.5281/zenodo.7780520},
}

@Article{Battistini2021,
  author       = {Battistini, Niccolò and de Bondt, Gabe and De Santis, Roberto A. and Saiz, Lorena},
  date         = {2021},
  journaltitle = {Economic Bulletin},
  title        = {Assessing short-term economic developments in times of COVID-19},
  volume       = {8},
  keywords     = {COVID-19; macroeconomic outlook; Short-term forecast},
}

@InCollection{Denes2022,
  author    = {Denes, Julien and Lestrade, Ariane and Richardet, Lou},
  booktitle = {Machine learning in central banking},
  date      = {2022},
  title     = {Using twitter data to measure inflation perception},
  editor    = {Settlements, Bank for International},
  publisher = {Bank for International Settlements},
  series    = {IFC Bulletins chapters},
  url       = {https://ideas.repec.org/h/bis/bisifc/57-13.html},
  volume    = {57},
}

@Article{Adams_2023,
  author       = {Adams, Travis and Ajello, Andrea and Silva, Diego and Vazquez-Grande, Francisco},
  date         = {2023-05},
  journaltitle = {Finance and Economics Discussion Series},
  title        = {More than Words: Twitter Chatter and Financial Market Sentiment},
  doi          = {10.17016/feds.2023.034},
  issn         = {2767-3898},
  number       = {2023–034},
  pages        = {1--36},
  publisher    = {Board of Governors of the Federal Reserve System},
}
